02RETORNO01COBRANCA       36803000153990000000ACBDEFGH PAYMENT SECURITY LTDA001BANCO DO BRASIL2303170000055                      000000056515692273  2962087                                                                                                                                                                                                                                              000001
70000000000000000368030001539902962087                         2962087000000000270000029AI 01900000000000 17032303170000000002                    30031700000000001000010000 010000000000000000000000000000000000000000000000000000000000000000000000000000000000000000000000000000000000000000000000000000000000000000000000000000000000000          0000000000000000000000000000000000000000000000000000000002
9201001          000000000000000000000000000001          000000000000000000000000000000          000000000000000000000000000000          000000000000000000000000000000                                                  000000000000000000000000000000                                                                                                                                                   000003
