02RETORNO01COBRANCA       36803000153990000000ACBDEFGH PAYMENT SECURITY LTDA001BANCO DO BRASIL0205170000080                                          2962087                                                                                                                                                                                                                                              000001
70000000000000000368030001539902962087                         2962087000000000370000000   01900000000000 17280205170000000003                    300317000000000010000100000000000000000050000000000000000000000000000000000000000000000000000000000000000000000000000000000000000000000000000000000000000000000000000000005010000000000000          0000000000000000000000000000000000000000000000000000000002
70000000000000000368030001539902962087                         2962087000000000570000000   01900000000000 17280205170000000005                    300317000000000010200100000000123456789053000000000000000000000000000000000000000000000000000000000000000000000000000000000000000000000000000000000000000000000000000000005010000000000000          0000000000000000000000000000000000000000000000000000000003
70000000000000000368030001539902962087                         2962087000000000670000000   01900000000000 17280205170000000006                    310317000000000010300100000000000000000050000000000000000000000000000000000000000000000000000000000000000000000000000000000000000000000000000000000000000000000000000000005010000000000000          0000000000000000000000000000000000000000000000000000000004
9201001          000000040000000000040600000006          000000000000000000000000000000          000000000000000000000000000000          000000000000000000000000000000                                                  000000000000000000000000000000                                                                                                                                                   000005
