02RETORNO01COBRANCA       36803000153990000000ACBDEFGH PAYMENT SECURITY LTDA001BANCO DO BRASIL2203170000054                      000000054515692273  2962087                                                                                                                                                                                                                                              000001
70000000000000000368030001539902962087                         2962087000000000170000005   01900000000000 1705220317                              000000000000000010002101110002403170000700000000000000000000000000000000000000000000000000000000000000000000000000000100000000000000000000000000000000000000000000000000060010000000000000          0000000000000000000000000000000000000000000000001010000002
70000000000000000368030001539902962087                         2962087000000000170000029AI 01900000000000 17032203170000000001                    23031700000000001000010000 010000000000000000000000000000000000000000000000000000000000000000000000000000000000000000000000000000000000000000000000000000000000000000000000000000000000000          0000000000000000000000000000000000000000000000000000000003
9201001          000000000000000000000000000001          000000000000000000000000000000          000000000000000000000000000000          000000000000000000000000000000                                                  000000000000000000000000000000                                                                                                                                                   000004
